<?xml version="1.0" encoding="UTF-8"?><record xmlns="http://www.loc.gov/MARC21/slim" xmlns:cinclude="http://apache.org/cocoon/include/1.0" xmlns:zs="http://www.loc.gov/zing/srw/">
  <leader>01046cz  a2200205n  4500</leader>
  <controlfield tag="001">n 2004000054</controlfield>
  <controlfield tag="003">DLC</controlfield>
  <controlfield tag="005">20160325075332.0</controlfield>
  <controlfield tag="008">040108n| azannaabn          |b aaa      </controlfield>
  <datafield tag="010" ind1=" " ind2=" ">
    <subfield code="a">n 2004000054</subfield>
  </datafield>
  <datafield tag="035" ind1=" " ind2=" ">
    <subfield code="a">(OCoLC)oca06243428</subfield>
  </datafield>
  <datafield tag="040" ind1=" " ind2=" ">
    <subfield code="a">DLC</subfield>
    <subfield code="b">eng</subfield>
    <subfield code="c">DLC</subfield>
    <subfield code="e">rda</subfield>
    <subfield code="d">DNLM</subfield>
  </datafield>
  <datafield tag="046" ind1=" " ind2=" ">
    <subfield code="f">1966-09-05</subfield>
    <subfield code="2">edtf</subfield>
  </datafield>
  <datafield tag="100" ind1="1" ind2=" ">
    <subfield code="a">Matishov, Dmitry G.,</subfield>
    <subfield code="d">1966-</subfield>
  </datafield>
  <datafield tag="400" ind1="1" ind2=" ">
    <subfield code="a">Matishov, D. G.</subfield>
    <subfield code="q">(Dmitry G.),</subfield>
    <subfield code="d">1966-</subfield>
  </datafield>
  <datafield tag="400" ind1="1" ind2=" ">
    <subfield code="a">Matishov, D. G.,</subfield>
    <subfield code="d">1966-</subfield>
  </datafield>
  <datafield tag="400" ind1="1" ind2=" ">
    <subfield code="a">Матишов, Д. Г.,</subfield>
    <subfield code="d">1966-</subfield>
  </datafield>
  <datafield tag="667" ind1=" " ind2=" ">
    <subfield code="a">Non-Latin script reference not evaluated.</subfield>
  </datafield>
  <datafield tag="670" ind1=" " ind2=" ">
    <subfield code="a">Matishov, Dmitry G. Radioecology in Northern European seas, 2004:</subfield>
    <subfield code="b">CIP t.p. (Dmitry G. Matishov) text (Murmansk Marine Biiological Institute, Murmansk, Russia; b. September 5, 1966)</subfield>
  </datafield>
  <datafield tag="670" ind1=" " ind2=" ">
    <subfield code="a">Prostranstvenno-vremennoĭ analiz vstrechaemosti onkologicheskikh zabolevaniĭ kak indikatora mediko-ėkologicheskoĭ bezopasnosti, 2014:</subfield>
    <subfield code="b">t.p.(чл.-корр. РАН, д.г.н. Д.Г. Матишова = chl.-korr. RAN, d.g.n. D.G. Matishova) added t.p. (Corresponding Member of RAS D.G. Matishov)</subfield>
  </datafield>
</record>